@article{delnegro2004,
	author={Del Negro, M. and Schorfheide, F. },
	title={{Priors from General Equilibrium Models for VARS}},
	journal={International Economic Review},
	volume={45},
	year={2004},
	pages={643--673},
	number={2}
}

@article{carter1994,
	author={Carter, C. K. and Kohn, R.},
	title={{On Gibbs sampling for state space model}},
	journal={Biometrika},
	volume={81},
	year={1994},
	pages={541--553},
	number={3}
}




@article{gallant2009,
	author={Gallant, A. R. and McCulloch, R. E. },
	title={{On the Determination of General Scientific Models With Applications to Asset Prices}},
	journal={JASA},
	volume={104},
	year={2009},
	pages={117--131},
}

@article{delnegro2007,
	author={Del Negro, M. and Schorfheide, F. and Smets, F. and Wouters, R.},
	title={{On the Fit of New Keynesian Models}},
	journal={International Economic Review},
	volume={25},
	year={2007},
	pages={123--172},
	number={2}
}

@article{jesus2007,
	author={Fernandez-Villaverde, J. and Rubio-Ramirez, J. F. },
	title={{Estimating Macroeconomic Models: A Likelihood Approach}},
	journal={Review of Economic Studies},
	volume={74},
	year={2007},
	pages={1059--1087},

}

@article{jesus2005,
	author={Fernandez-Villaverde, J. and Rubio-Ramirez, J. F. },
	title={{Estimating Dynamic Equilibrium Economies: Linear versus Nonlinear Likelihood}},
	journal={Journal of Applied Econometrics},
	volume={20},
	year={2005},
	pages={891--910},

}

@article{murcia2007,
	author={Ruge-Murcia, F. J.},
	title={{Methods to Estimate Dynamic Stochastic General Equilibrium Models}},
	journal={Journal of Economic Dynamics and Control},
	volume={31},
	year={2007},
	pages={2599�-2636},

}

@article{an2007,
	author={An, S. and Schorfheide, F.},
	title={{Bayesian Analysis of DSGE Models}},
	journal={Econometric Reviews},
	volume={26},
	year={2007},
	pages={113�-172},

}

@unpublished{delnegro2010,
	author={Del Negro, M. and Schorfheide, F.},
	title={{Bayesian Macroeconometrics}},
	note={Unpublished Manoscript},
	year={2010},

}

@article{uribe2004,
	author={Schmitt-Grohe, S. and Uribe, M.},
	title={{Solving Dynamic General Equilibrium Models Using a Second-Order Approximation to the Policy Function}},
	journal={Journal of Economic Dynamics and Control},
	volume={28},
	year={2004},
	pages={755--775},

}




@book{nelson1998,
	author={Kim, C. and Nelson, C. R.},
	title={{State-Space Models with Regime-Switching: Classical and Gibbs-Sampling Approaches with Applications
}},
	publisher={MIT Press},
	year={1998}
}


 @incollection{bertola2007,
	author={G. Bertola},
	title={{Finance and Welfare States in Globalizing Markets}},
	booktitle={Financial System: Structure and Resilience},
	publisher={Reserve Bank of Australia},
	year={2007},
	editor={C. Kent and C. Ryan}
}

@article{coffee1999,
	author={Coffee, J.},
	title={{The Future as History: The Prospects for Global Convergence in Corporate
		Governance and its Implications}},
	journal={Northwestern University Law Review},
	volume={93},
	year={1999},
	pages={641--708},
	number={3}
}


@article{uhlig2005,
	author={Uhlig, H.},
	title={{What are the effects of monetary policy on output? Results from an agnostic identification procedure}},
	journal={Journal of Monetary Economics},
	volume={52},
	year={2005},
	pages={381-419},
	number={}
}

@article{sims1999,
	author={Sims, C. and Zha, T.},
	title={{Error Bands for Impulse Responses}},
	journal={Econometrica},
	volume={67},
	year={1999},
	pages={1113-1155},
	number={5}
}


@article{carrasco2000,
	author={Carrasco, M. and Florens, J. P.},
	title={{Generalization of GMM to a continuum of moment conditions}},
	journal={Econometric Theory},
	volume={16},
	year={2000},
	pages={797-834},
	number={}
}

@article{heckman1984a,
	author={Heckman, J. J. and Singer, B.},
	title={{The identifiability of the proportional hazard model}},
	journal={Review of Economic Studies},
	volume={51},
	year={1984},
	pages={231-241},
	number={}
}


@article{koopmans1950,
	author={Koopmans, T. C. and Reiersol, O.},
	title={{The Identification of Structural Characteristics}},
	journal={The Annals of Mathematical Statistics},
	volume={21},
	year={1950},
	pages={165-181},
	number={2}
}



@article{bertola2005,
	author={Bertola, G. and Guiso, L. and Pistaferri, L.},
	title={{Uncertainty and Consumer Durables Adjustments}},
	journal={Review of Economic Studies},
	volume={72},
	year={2005},
	pages={973-1007},
	number={}
}


@article{brunnermeier2008,
	author={Brunnermeier, M. and Nagel, S.},
	title={{Do Wealth Fluctuations Generate Time-Varying Risk Aversion? Micro-Evidence on Individuals' Asset Allocation}},
	journal={American Economic Review},
	volume={98},
	year={2008},
	pages={713-736},
	number={3}
}


@article{calvet2009,
	author={Calvet, L. and Campbell, J. Y. and Sodini, P.},
	title={{Fight or Flight? Portfolio Rebalancing by Individual Investors}},
	journal={The Quarterly Journal of Economics},
	volume={},
	year={2009},
	pages={301-348},
	number={}
}

@article{abel2009,
	author={Abel, A. and Eberly, J. and Panageas, S.},
	title={{Optimal Inattention to the Stock Market with Information Costs and Transactions Costs}},
	journal={NBER Working paper},
	volume={},
	year={2009},
	pages={},
	number={1501}
}


@article{cooper1999,
	author={Cooper, R. and Haltiwanger, J. and Power, L.},
	title={{Machine Replacement and the Business Cycle: Lumps and Bumps}},
	journal={American Economic Review},
	volume={89},
	year={1999},
	pages={921-946},
	number={4}
}


@article{bertola1990,
	author={Bertola, G. and Caballero, R.},
	title={{Kinked Adjustment Costs and Aggregate Dynamics}},
	journal={NBER Macroeconomic Annual},
	volume={5},
	year={1990},
	pages={237-288},
	number={}
}


@article{caballero1999,
	author={Caballero, R. and Engel, E.},
	title={{Explaining Investment Dynamics in the U.S.: a Generalized $(S,s)$ Approach}},
	journal={Econometrica},
	volume={67},
	year={1999},
	pages={783-826},
	number={4}
}

@book{karlin1975,
	author={Karlin, S. and Taylor, H. M.},
	title={{A First Course in Stochastic Processes}},
	publisher={Academic Press},
	year={1975}
}

@book{stokey2009,
	author={Stokey, N. L.},
	title={{The Economics of Inaction}},
	publisher={Princeton University Press},
	year={2009}
}

@book{lancaster1990,
	author={Lancaster, T.},
	title={{The Econometric Analysis of Transition Data}},
	publisher={Cambridge University Press},
	year={1990}
}


@book{dixit1993,
	author={Dixit, A. K.},
	title={{The Art of Smooth Pasting}},
	publisher={The Gordon and Breach Publishing Group},
	year={1993}
}


@book{geweke2005,
	author={Geweke, J.},
	title={{Contemporary Bayesian Econometrics and Statistics}},
	publisher={Wiley},
	year={2005}
}
@article{bloom2009a,
	author={Bloom, N.},
	title={{The Impact of Uncertainty Shocks}},
	journal={Econometrica},
	volume={77},
	year={2009},
	pages={623-685},
	number={3}
}


@unpublished{bloom2009b,
	author={Bloom, N. and Floetotto, M. and Jaimovich, N.},
	title={{Really Uncerrtain Business Cycles}},
	note={Unpublished Manuscript},
	year={2009},
	
}


@unpublished{abbring2009,
	author={Abbring, J.},
	title={{Mixed Hitting Time Models}},
	note={Unpublished Manuscript},
	year={2009},
	
}
@unpublished{eichenbaum2009,
	author={Eichenbaum, M. and Jaimovich, N. and Rebelo, S.},
	title={{Reference Prices, Costs and Nominal Rigidities}},
	note={Unpublished Manuscript},
	year={2009}
}


